% This file was created with JabRef 2.9.2.
% Encoding: UTF8

@ONLINE{ui-mac,
  author = {{Apple Inc.}},
  title = {OS X Human Interface Guidelines},
  month = {07},
  year = {2012},
  url = {https://developer.apple.com/library/mac/documentation/userexperience/conceptual/applehiguidelines/Intro/Intro.html},
  owner = {RafiK},
  timestamp = {2013.09.22}
}

@ONLINE{css_stat,
  author = {Bert Bos},
  title = {CSS Specifications},
  month = {08},
  year = {2013},
  url = {http://www.w3.org/Style/CSS/current-work},
  owner = {RafiK},
  timestamp = {2013.09.21}
}

@ONLINE{css_spec,
  author = {Bert Bos and Tantek Çelik and Ian Hickson and Håkon Wium Lie},
  title = {Cascading Style Sheets, level 2 revision 1 -- CSS 2.1 Specification},
  month = {08},
  year = {2002},
  url = {http://www.w3.org/TR/2002/WD-CSS21-20020802/},
  owner = {RafiK},
  timestamp = {2013.09.21}
}

@ONLINE{jquery_usage,
  author = {{builtWith.com}},
  title = {jQuery Usage Statistics},
  month = {09},
  year = {2013},
  url = {http://trends.builtwith.com/javascript/jQuery},
  owner = {RafiK},
  timestamp = {2013.09.22}
}

@ONLINE{caniuse_css,
  author = {Alexis Deveria},
  title = {Can I use...},
  month = {09},
  year = {2013},
  url = {http://caniuse.com/#cats=CSS,PNG,DOM,CSS3,CSS2,Canvas},
  owner = {RafiK},
  timestamp = {2013.09.21}
}

@ONLINE{js_std,
  author = {{ECMA International}},
  title = {ECMA-262 -- ECMAScript Language Specification},
  month = {06},
  year = {2011},
  url = {http://www.ecma-international.org/publications/files/ECMA-ST/Ecma-262.pdf},
  owner = {RafiK},
  timestamp = {2013.09.22}
}

@ARTICLE{Fielding:2002:PDM:514183.514185,
  author = {Fielding, Roy T. and Taylor, Richard N.},
  title = {Principled design of the modern Web architecture},
  journal = {ACM Trans. Internet Technol.},
  year = {2002},
  volume = {2},
  number = {2},
  month = may,
  pages = {115--150},
  issn = {1533-5399},
  doi = {10.1145/514183.514185},
  url = {http://doi.acm.org/10.1145/514183.514185},
  acmid = {514185},
  address = {New York, NY, USA},
  issue_date = {May 2002},
  keywords = {Network-based applications, REST, World Wide Web},
  numpages = {36},
  publisher = {ACM}
}

@ONLINE{html5_draft,
  author = {Hickson, Ian and Hyatt, David},
  title = {HTML 5 -- A vocabulary and associated APIs for HTML and XHTML},
  month = {01},
  year = {2008},
  url = {http://www.w3.org/TR/2008/WD-html5-20080122/},
  owner = {RafiK},
  timestamp = {2013.09.21}
}

@ONLINE{isohtml,
  author = {ISO/IEC},
  title = {Information technology -- Document description and processing languages
	-- HyperText Markup Language (HTML)},
  month = {07},
  year = {2012},
  url = {http://www.iso.org/iso/iso_catalogue/catalogue_tc/catalogue_detail.htm?csnumber=27688},
  owner = {RafiK},
  timestamp = {2013.09.21}
}

@ONLINE{js_iso,
  author = {{ISO/IEC}},
  title = {ECMAScript language specification},
  month = {06},
  year = {2011},
  url = {http://standards.iso.org/ittf/PubliclyAvailableStandards/c055755_ISO_IEC_16262_2011(E).zip},
  owner = {RafiK},
  timestamp = {2013.09.22}
}

@ONLINE{ui-ms,
  author = {{Microsoft}},
  title = {{DevCenter -- Design Guidelines}},
  month = {09},
  year = {2013},
  url = {http://msdn.microsoft.com/en-us/library/windows/desktop/aa511436.aspx},
  owner = {RafiK},
  timestamp = {2013.09.22}
}

@INPROCEEDINGS{Pautasso:2008:RWS:1367497.1367606,
  author = {Pautasso, Cesare and Zimmermann, Olaf and Leymann, Frank},
  title = {Restful web services vs. "big"' web services: making the right architectural
	decision},
  booktitle = {Proceedings of the 17th international conference on World Wide Web},
  year = {2008},
  series = {WWW '08},
  pages = {805--814},
  address = {New York, NY, USA},
  publisher = {ACM},
  acmid = {1367606},
  doi = {10.1145/1367497.1367606},
  isbn = {978-1-60558-085-2},
  keywords = {HTTP, REST, SOAP, WS-* vs. REST, WSDL, architectural decision modeling,
	resource oriented architectures, service oriented architectures,
	technology comparison, web services},
  location = {Beijing, China},
  numpages = {10},
  url = {http://doi.acm.org/10.1145/1367497.1367606}
}

@ONLINE{dbranking,
  author = {{solid IT}},
  title = {DB-Engines Ranking},
  month = {09},
  year = {2013},
  url = {http://db-engines.com/en/ranking},
  owner = {RafiK},
  timestamp = {2013.09.23}
}

@comment{jabref-entrytype: Online: req[author;title;month;year;url] opt[]}

